<?xml version="1.0" encoding="UTF-8"?><collection xmlns="http://www.loc.gov/MARC21/slim"><record><leader>00456nam--2200133-i-4500</leader><controlfield tag="001">000047926</controlfield><controlfield tag="002">20161230</controlfield><controlfield tag="005">20161230201046</controlfield><controlfield tag="008">060222s1000------------r-----000-0-eng-d</controlfield><datafield ind1=" " ind2=" " tag="080"><subfield code="a">621.039.512.2(043)</subfield></datafield><datafield ind1=" " ind2=" " tag="100"><subfield code="a">Zaetta,Alain</subfield></datafield><datafield ind1=" " ind2=" " tag="245"><subfield code="a">Elaboration d`une methode simplifiee de calcul neutronique des reacteurs de la filiere rapide. application a quelques problemes lies au projet. these</subfield></datafield><datafield ind1=" " ind2=" " tag="260"><subfield code="a">Orsay, Univ. De Paris-sud, 1982. 129 P</subfield></datafield><datafield ind1=" " ind2=" " tag="852"><subfield code="a">71793</subfield></datafield></record></collection>